<?xml version="1.0" encoding="UTF-8"?><record xmlns="http://www.loc.gov/MARC21/slim" xmlns:cinclude="http://apache.org/cocoon/include/1.0" xmlns:zs="http://www.loc.gov/zing/srw/">
  <leader>00380nz  a2200133n  4500</leader>
  <controlfield tag="001">no2003054423</controlfield>
  <controlfield tag="003">DLC</controlfield>
  <controlfield tag="005">20030604052637.0</controlfield>
  <controlfield tag="008">030603n| acannaabn          |n aaa     c</controlfield>
  <datafield tag="010" ind1=" " ind2=" ">
    <subfield code="a">no2003054423</subfield>
  </datafield>
  <datafield tag="035" ind1=" " ind2=" ">
    <subfield code="a">(OCoLC)oca06064917</subfield>
  </datafield>
  <datafield tag="040" ind1=" " ind2=" ">
    <subfield code="a">NmU</subfield>
    <subfield code="b">eng</subfield>
    <subfield code="c">NmU</subfield>
  </datafield>
  <datafield tag="100" ind1="1" ind2="0">
    <subfield code="a">Chaves, Claudio Enrique</subfield>
  </datafield>
  <datafield tag="670" ind1=" " ind2=" ">
    <subfield code="a">Un liberalismo criollo de PeroĚn a Menem, c2002:</subfield>
    <subfield code="b">t.p. (Claudio Enrique Chaves)</subfield>
  </datafield>
</record>